@online{sl_go,
	title        = {Go},
	organization = {Sensei's Library},
	date         = {2019},
	urldate      = {2021},
	url          = {https://senseis.xmp.net/?go}
}

@article{natureAlphaGo2016,
	author       = {David Silver and Aja Huang and Chris J. Maddison and Arthur Guez and Laurent Sifre and George van den Driessche and Julian Schrittwieser and Ioannis Antonoglou and Veda Panneershelvam and Marc Lanctot and Sander Dieleman and Dominik Grewe and John Nham and Nal Kalchbrenner and Ilya Sutskever and Timothy Lillicrap and Madeleine Leach and Koray Kavukcuoglu and Thore Graepel and Demis Hassabis},
	title        = {Mastering the game of Go with deep neural networks and tree search},
	journaltitle = {Nature},
	date         = {2016-01-27},
	url          = {https://www.nature.com/articles/nature16961}
}

@online{plantillaRedondo,
	author       = {J. M. Redondo},
	title        = {Documentos-modelo para Trabajos de Fin de Grado/Master de la Escuela de Inform√°tica de Oviedo},
	date         = {2019-06-17},
	url          = {https://www.researchgate.net/publication/327882831_Plantilla_de_Proyectos_de_Fin_de_Carrera_de_la_Escuela_de_Informatica_de_Oviedo}
}
